@INPROCEEDINGS{6551651,
author={T. Cao and B. Azmoun and M. L. Purschke and S. Stoll and P. Vaska and D. Alexoff and A. Rhoades-Brown and C. Woody},
booktitle={2012 IEEE Nuclear Science Symposium and Medical Imaging Conference Record (NSS/MIC)},
title={A short drift {GEM} tracking detector for measuring escaped positrons in {PET}},
year={2012},
volume={},
number={},
pages={2852-2855},
keywords={Monte Carlo methods;drift chambers;image reconstruction;ionisation chambers;positron emission tomography;readout electronics;Geant4 Monte Carlo program;Monte Carlo simulation;PET;XV strip readout;biological system;drift time;escaped positrons;image reconstruction;imaging thin structures;ionization;isotopes;multiple scattering effect;positron imaging;short drift {GEM} tracking detector;short drift region;tracking device;transverse coordinates;triple GEM detector},
doi={10.1109/NSSMIC.2012.6551651},
ISSN={1082-3654},
month={Oct},}

@INPROCEEDINGS{6551807,
author={M. Budassi and S. Stoll and M. L. Purschke and B. Ravindranath and J. Fried and T. Cao and J. F. Pratte and P. O'Connor and B. Babst and C. L. Woody and P. Vaska and D. J. Schlyer},
booktitle={2012 IEEE Nuclear Science Symposium and Medical Imaging Conference Record (NSS/MIC)},
title={First results from the {BNL} plant imaging system},
year={2012},
volume={},
number={},
pages={3530-3532},
keywords={biological techniques;biology computing;botany;image reconstruction;positron emission tomography;BNL PET Imaging group;BNL plant imaging system;PET detector technology;computer controlled motorized support;final image analysis;image reconstruction process;leaf;plant length;plant scanner;preliminary imaging result;root;scanner vertical position;system construction;system large diameter configuration},
doi={10.1109/NSSMIC.2012.6551807},
ISSN={1082-3654},
month={Oct},}

@INPROCEEDINGS{6829463,
author={M. L. Purschke and B. Azmoun and R. Pak and T. Cao and C. Woody},
booktitle={2013 IEEE Nuclear Science Symposium and Medical Imaging Conference (2013 NSS/MIC)},
title={Test beam study of a short drift {GEM} tracking detector},
year={2013},
volume={},
number={},
pages={1-4},
keywords={electron microscopy;readout electronics;scintillation counters;time projection chambers;CERN;COMPASS style readout plane;XY readout strips;beta source;charge clusters;cosmic rays;initial ionization;mini TPC type configuration;short drift GEM tracking detector;test beam study;Charge measurement;Detectors;Position measurement;Strips;Telescopes;Time measurement;Vectors},
doi={10.1109/NSSMIC.2013.6829463},
ISSN={1082-3654},
month={Oct},}

@INPROCEEDINGS{7431059,
author={B. Azmoun and M. L. Purschke and R. Pak and M. Phipps and A. Franz and C. Woody},
booktitle={2014 IEEE Nuclear Science Symposium and Medical Imaging Conference (NSS/MIC)},
title={Initial studies of a short drift {GEM} tracking detector},
year={2014},
volume={},
number={},
pages={1-2},
keywords={electron multiplier detectors;COMPASS style x-y strips;SRS/APV-25 DAQ system;charge arrival time;charge weighted centroid;data analysis;particle angle;particle position;precision measurement;readout plane;reconstructed vector;short drift GEM tracking detector;triple GEM stack;Compass;Detectors;Measurement uncertainty;Position measurement;Strips;Telescopes;Uncertainty},
doi={10.1109/NSSMIC.2014.7431059},
ISSN={},
month={Nov},}

@ARTICLE{7497629,
author={B. Azmoun and B. DiRuzza and A. Franz and A. Kiselev and R. Pak and M. Phipps and M. L. Purschke and C. Woody},
journal={IEEE Transactions on Nuclear Science},
title={A Study of a Mini-Drift {GEM} Tracking Detector},
year={2016},
volume={63},
number={3},
pages={1768-1776},
keywords={drift chambers;nuclear electronics;readout electronics;time projection chambers;CERN;EIC;Fermilab;RHIC;TPC type configuration;angular resolution;arrival time;charge deposition;drift region;electron ion collider;minidrift GEM tracking detector;position information;readout planes;size 40 mum;timing information;Compass;Detectors;Electrodes;Position measurement;Silicon;Strips;Telescopes;Gas electron multiplier (GEM);micropattern detector;minidrift detector;tracking detector},
doi={10.1109/TNS.2016.2550503},
ISSN={0018-9499},
month={June},}


@article{Blatnik:2015bka,
      author         = "Blatnik, M. and others",
      title          = "{Performance of a Quintuple-GEM Based RICH Detector
                        Prototype}",
      journal        = "IEEE Trans. Nucl. Sci.",
      volume         = "62",
      year           = "2015",
      number         = "6",
      pages          = "3256-3264",
      doi            = "10.1109/TNS.2015.2487999",
      eprint         = "1501.03530",
      archivePrefix  = "arXiv",
      primaryClass   = "physics.ins-det",
      SLACcitation   = "%%CITATION = ARXIV:1501.03530;%%"
        
      
}

@inproceedings{Woody:2015ola,
      author         = "Woody, Craig and Azmoun, Babak and Majka, Richard and
                        Phipps, Michael and Purschke, Martin and Smirnov, Nikolai",
      title          = "{A Prototype Combination {TPC} {C}herenkov Detector with {GEM}
                        Readout for Tracking and Particle Identification and its
                        Potential Use at an Electron Ion Collider}",
      url            = "https://inspirehep.net/record/1409973/files/arXiv:1512.05309.pdf",
      year           = "2015",
      eprint         = "1512.05309",
      archivePrefix  = "arXiv",
      primaryClass   = "physics.ins-det",
      SLACcitation   = "%%CITATION = ARXIV:1512.05309;%%"
}

@ARTICLE{8379440, 
author={B. Azmoun and P. Garg and T. K. Hemmick and M. Hohlmann and A. Kiselev and M. L. Purschke and C. Woody and A. Zhang}, 
journal={IEEE Transactions on Nuclear Science}, 
title={Design Studies for a TPC Readout Plane Using Zigzag Patterns with Multistage GEM Detectors}, 
year={2018}, 
volume={}, 
number={}, 
pages={1-1}, 
keywords={Detectors;Electrodes;Geometry;Signal to noise ratio;Spatial resolution;Standards;Two dimensional displays}, 
doi={10.1109/TNS.2018.2846403}, 
ISSN={0018-9499}, 
month={July},}
}
