@inproceedings{Hohlmann:2017sqj,
      author         = "Hohlmann, Marcus and Bomberger, Matthew and
                        Colafranceschi, Stefano and Jimenez, Francisco and
                        Rahmani, Mehdi and Zhang, Aiwu",
      title          = "{Low-mass GEM detector with radial zigzag readout strips
                        for forward tracking at the EIC}",
      booktitle      = "{2017 IEEE Nuclear Science Symposium and Medical Imaging
                        Conference (NSS/MIC 2017) Atlanta, Georgia, USA, October
                        21-28, 2017}",
      url            = "http://inspirehep.net/record/1636290/files/arXiv:1711.05333.pdf",
      year           = "2017",
      eprint         = "1711.05333",
      archivePrefix  = "arXiv",
      primaryClass   = "physics.ins-det",
      SLACcitation   = "%%CITATION = ARXIV:1711.05333;%%"
}


@article{Zhang:2017dqw,
      author         = "Zhang, Aiwu and Hohlmann, Marcus and Azmoun, Babak and
                        Purschke, Martin L. and Woody, Craig",
      title          = "{A GEM readout with radial zigzag strips and linear
                        charge-sharing response}",
      journal        = "Nucl. Instrum. Meth.",
      volume         = "A887",
      year           = "2018",
      pages          = "184-192",
      eprint         = "1708.07931",
      archivePrefix  = "arXiv",
      primaryClass   = "physics.ins-det",
      SLACcitation   = "%%CITATION = ARXIV:1708.07931;%%"
}


@article{Zhang:2016vbk,
      author         = "Zhang, Aiwu and Hohlmann, Marcus",
      title          = "{Accuracy of the geometric-mean method for determining
                        spatial resolutions of tracking detectors in the presence
                        of multiple Coulomb scattering}",
      journal        = "JINST",
      volume         = "11",
      year           = "2016",
      number         = "06",
      pages          = "P06012",
      doi            = "10.1088/1748-0221/11/06/P06012",
      eprint         = "1604.06130",
      archivePrefix  = "arXiv",
      primaryClass   = "physics.data-an",
      SLACcitation   = "%%CITATION = ARXIV:1604.06130;%%"
}

@inproceedings{Zhang:2015kxy,
      author         = "Zhang, Aiwu and Bhopatkar, Vallary and Hohlmann, Marcus
                        and Bai, Xinzhan and Gnanvo, Kondo and Liyanage, Nilanga
                        K. and Posik, Matt and Surrow, Bernd",
      title          = "{R\&D on GEM detectors for forward tracking at a future
                        Electron-Ion Collider}",
      booktitle      = "{Proceedings, 2015 IEEE Nuclear Science Symposium and
                        Medical Imaging Conference (NSS/MIC 2015): San Diego,
                        California, United States}",
      year           = "2016",
      url            = "http://inspirehep.net/record/1406551/files/arXiv:1511.07913.pdf",
      pages          = "7581965",
      doi            = "10.1109/NSSMIC.2015.7581965",
      eprint         = "1511.07913",
      archivePrefix  = "arXiv",
      primaryClass   = "physics.ins-det",
      SLACcitation   = "%%CITATION = ARXIV:1511.07913;%%"
}

@article{Zhang:2015pqa,
      author         = "Zhang, Aiwu and Bhopatkar, Vallary and Hansen, Eric and
                        Hohlmann, Marcus and Khanal, Shreeya and Phipps, Michael
                        and Starling, Elizabeth and Twigger, Jessie and Walton,
                        Kimberly",
      title          = "{Performance of a Large-area GEM Detector Read Out with
                        Wide Radial Zigzag Strips}",
      journal        = "Nucl. Instrum. Meth.",
      volume         = "A811",
      year           = "2016",
      pages          = "30-41",
      doi            = "10.1016/j.nima.2015.11.157",
      eprint         = "1508.07046",
      archivePrefix  = "arXiv",
      primaryClass   = "physics.ins-det",
      SLACcitation   = "%%CITATION = ARXIV:1508.07046;%%"
}
