@INPROCEEDINGS{6154312,
author={M. Tytgat and A. Marinov and N. Zaganidis and Y. Ban and J. Cai and H. Teng and A. Mohapatra and T. Moulik and M. Abbrescia and A. Colaleo and G. de Robertis and F. Loddo and M. Maggi and S. Nuzzo and S. A. Tupputi and L. Benussi and S. Bianco and S. Colafranceschi and D. Piccolo and G. Raffone and G. Saviano and M. G. Bagliesi and R. Cecchi and G. Magazzu and E. Oliveri and N. Turini and T. Fruboes and D. Abbaneo and C. Armagnaud and P. Aspell and S. Bally and U. Berzano and J. Bos and K. Bunkowski and J. P. Chatelain and J. Christiansen and A. Conde Garcia and E. David and R. De Oliveira and S. Duarte Pinto and S. Ferry and F. Formenti and L. Franconi and A. Marchioro and K. Mehta and J. Merlin and M. V. Nemallapudi and H. Postema and A. Rodrigues and L. Ropelewski and A. Sharma and N. Smilkjovic and M. Villa and M. Zientek and A. Gutierrez and P. E. Karchin and K. Gnanvo and M. Hohlmann and M. J. Staib},
booktitle={2011 IEEE Nuclear Science Symposium Conference Record},
title={Construction and performance of large-area triple-{GEM} prototypes for future upgrades of the {CMS} forward muon system},
year={2011},
volume={},
number={},
pages={1019-1025},
keywords={X-ray apparatus;ionisation chambers;position sensitive particle detectors;radiation hardening (electronics);CERN LHC;CERN SPS;CMS detector;CMS forward muon system;GEM foils;X-ray measurement;compact muon solenoid;forward RPC muon system;gas emission multiplier;large-area triple-GEM prototypes;micropattern gas detectors;muon endcaps;muon reconstruction;muon tracking capability;muon triggering capability;radiation hardness;resistive plate chambers;test beam campaign;Argon;Detectors;Electrodes;Large Hadron Collider;Mesons},
doi={10.1109/NSSMIC.2011.6154312},
ISSN={1082-3654},
month={Oct},}
%%%%%%%%%%%%%%%%%%%%%%%%%
%%% references for INFN overview
%%%%%%%%%%%%%%%%%%%%%%%%%
%%%%%%%%%%%%%%%%%%%%%%%
%   THGEM R&D
%%%%%%%%%%%%%%%%%%%%%%%
%RICH THGEM upgrade
%NIMA 876 (2017) 233
@article{HAMAR2017233,
title = "Investigation of the properties of Thick-GEM photocathodes by microscopic scale measurements with single photo-electrons",
journal = "Nuclear Instruments and Methods in Physics Research Section A: Accelerators, Spectrometers, Detectors and Associated Equipment",
volume = "876",
number = "Supplement C",
pages = "233 - 236",
year = "2017",
note = "The 9th international workshop on Ring Imaging Cherenkov Detectors (RICH2016)",
issn = "0168-9002",
doi = "https://doi.org/10.1016/j.nima.2017.03.016",
url = "http://www.sciencedirect.com/science/article/pii/S0168900217303534",
author = "G. Hamar and S. Dalla Torre and S.S. Dasgupta and B. Gobbo and S. Levorato and F. Tessarotto and D. Varga",
keywords = "Thick GEM, MPGD, UV photon detector, Cherenkov detector"
}
%THGEM R&D
%NIMA 766 (2014) 133-137
@article{ALEXEEV2014133,
title = "Status and progress of the novel photon detectors based on THGEM and hybrid MPGD architectures",
journal = "Nuclear Instruments and Methods in Physics Research Section A: Accelerators, Spectrometers, Detectors and Associated Equipment",
volume = "766",
number = "Supplement C",
pages = "133 - 137",
year = "2014",
note = "RICH2013 Proceedings of the Eighth International Workshop on Ring Imaging Cherenkov Detectors Shonan, Kanagawa, Japan, December 2-6, 2013",
issn = "0168-9002",
doi = "https://doi.org/10.1016/j.nima.2014.07.030",
url = "http://www.sciencedirect.com/science/article/pii/S0168900214008730",
author = "M. Alexeev and R. Birsa and F. Bradamante and A. Bressan and M. Büchele and M. Chiosso and P. Ciliberti and S. Dalla Torre and S. Dasgupta and O. Denisov and V. Duic and M. Finger and M. Finger and H. Fischer and M. Giorgi and B. Gobbo and M. Gregori and F. Herrmann and K. Königsmann and S. Levorato and A. Maggiora and A. Martin and G. Menon and K. Novakova and J. Novy and D. Panzieri and F.A. Pereira and C.A. Santos and G. Sbrizzai and P. Schiavon and S. Schopferer and M. Slunecka and F. Sozzi and L. Steiger and M. Sulc and S. Takekawa and F. Tessarotto and J.F.C.A. Veloso",
keywords = "Micro pattern gaseous detector, Thick Gas Electron Multiplier (THGEM), MICROMEGAS (MM), Single photon detection, Ring Imaging CHerenkov detector (RICH)"
}

%THGEM R&D
%NIMA 732 (2013) 264-268
@article
{ALEXEEV2013264,
title = "THGEM-based photon detectors for the upgrade of COMPASS RICH-1",
journal = "Nuclear Instruments and Methods in Physics Research Section A: Accelerators, Spectrometers, Detectors and Associated Equipment",
volume = "732",
number = "Supplement C",
pages = "264 - 268",
year = "2013",
note = "Vienna Conference on Instrumentation 2013",
issn = "0168-9002",
doi = "https://doi.org/10.1016/j.nima.2013.08.020",
url = "http://www.sciencedirect.com/science/article/pii/S0168900213011467",
author = "M. Alexeev and R. Birsa and F. Bradamante and A. Bressan and M. Büchele and M. Chiosso and P. Ciliberti and S. Dalla Torre and S. Dasgupta and O. Denisov and V. Duic and M. Finger and M. Finger and H. Fischer and M. Giorgi and B. Gobbo and M. Gregori and F. Herrmann and K. Königsmann and S. Levorato and A. Maggiora and A. Martin and G. Menon and F. Nerling and K. Novakova and J. Novy and D. Panzieri and F.A. Pereira and C.A. Santos and G. Sbrizzai and P. Schiavon and C. Schill and S. Schopferer and M. Slunecka and F. Sozzi and L. Steiger and M. Sulc and S. Takekawa and F. Tessarotto and J.F.C.A. Veloso",
keywords = "RICH, Gaseous photon detectors, MPGD, THGEM, PID, CsI"
}

%THGEM R&D
%Nucl. Instrum. Meth. A824 (2016) 139
@article{ALEXEEV2016139,
title = "Status of the development of large area photon detectors based on THGEMs and hybrid MPGD architectures for Cherenkov imaging applications",
journal = "Nuclear Instruments and Methods in Physics Research Section A: Accelerators, Spectrometers, Detectors and Associated Equipment",
volume = "824",
number = "Supplement C",
pages = "139 - 142",
year = "2016",
note = "Frontier Detectors for Frontier Physics: Proceedings of the 13th Pisa Meeting on Advanced Detectors",
issn = "0168-9002",
doi = "https://doi.org/10.1016/j.nima.2015.11.034",
url = "http://www.sciencedirect.com/science/article/pii/S0168900215013996",
author = "M. Alexeev and R. Birsa and F. Bradamante and A. Bressan and M. Büchele and M. Chiosso and P. Ciliberti and S. Dalla Torre and S. Dasgupta and O. Denisov and V. Duic and M. Finger and M. Finger and H. Fischer and M. Giorgi and B. Gobbo and M. Gregori and F. Herrmann and K. Königsmann and S. Levorato and A. Maggiora and A. Martin and G. Menon and K. Steiger and J. Novy and D. Panzieri and F.A. Pereira and C.A. Santos and G. Sbrizzai and P. Schiavon and S. Schopferer and M. Slunecka and F. Sozzi and L. Steiger and M. Sulc and S. Takekawa and F. Tessarotto and J.F.C.A. Veloso and N. Makke",
keywords = "THGEM, Micromegas, Hybrid detector, Micro-pattern gas detectors, RICH"
}

%THGEM R&D
%NIMA 695(2012) 159
@article{ALEXEEV2012159,
title = "Detection of single photons with THickGEM-based counters",
journal = "Nuclear Instruments and Methods in Physics Research Section A: Accelerators, Spectrometers, Detectors and Associated Equipment",
volume = "695",
number = "Supplement C",
pages = "159 - 162",
year = "2012",
note = "New Developments in Photodetection NDIP11",
issn = "0168-9002",
doi = "https://doi.org/10.1016/j.nima.2011.11.079",
url = "http://www.sciencedirect.com/science/article/pii/S0168900211021498",
author = "M. Alexeev and F. Barbosa and R. Birsa and F. Bradamante and A. Bressan and M. Chiosso and P. Ciliberti and S. Dalla Torre and O. Denisov and V. Duic and A. Ferrero and M. Finger and M. Finger and H. Fischer and M. Giorgi and B. Gobbo and M. Gregori and F.H. Heinsius and F. Herrmann and K. Königsmann and D. Kramer and L. Lauser and S. Levorato and A. Maggiora and A. Martin and G. Menon and K. Novakova and J. Novy and D. Panzieri and G. Pesaro and J. Polak and E. Rocco and C. Santos and G. Sbrizzai and P. Schiavon and C. Schill and S. Schopferer and M. Slunecka and F. Sozzi and L. Steiger and M. Sulc and S. Takekawa and F. Tessarotto and C. Veloso and H. Wollny",
keywords = "THGEM, Single photon detection, RICH, CsI, Photon extraction"
}

%THGEM R&D
%       Nucl. Instr. and Meth. A 639 (2011) 130
@article{ALEXEEV2011130,
title = "Progress towards a THGEM-based detector of single photons",
journal = "Nuclear Instruments and Methods in Physics Research Section A: Accelerators, Spectrometers, Detectors and Associated Equipment",
volume = "639",
number = "1",
pages = "130 - 133",
year = "2011",
note = "Proceedings of the Seventh International Workshop on Ring Imaging Cherenkov Detectors",
issn = "0168-9002",
doi = "https://doi.org/10.1016/j.nima.2010.10.117",
url = "http://www.sciencedirect.com/science/article/pii/S0168900210024022",
author = "M. Alexeev and R. Birsa and F. Bradamante and A. Bressan and M. Chiosso and P. Ciliberti and S. Dalla Torre and O. Denisov and V. Duic and A. Ferrero and M. Finger and M. Finger Jr and H. Fischer and M. Giorgi and B. Gobbo and F.H. Heinsius and F. Herrmann and K. Königsmann and D. Kramer and L. Lauser and S. Levorato and A. Maggiora and A. Martin and G. Menon and A. Mutter and F. Nerling and D. Panzieri and G. Pesaro and J. Polak and E. Rocco and G. Sbrizzai and P. Schiavon and C. Schill and S. Schopferer and M. Slunecka and F. Sozzi and L. Steiger and M. Sulc and S. Takekawa and F. Tessarotto and H. Wollny",
keywords = "RICH, THGEM, Single photon, CsI, IBF"
}

%THGEM R&D
%Nucl. Instr. and Meth. A 623 (2010) 129-131
@article{ALEXEEV2010129,
title = "Micropattern gaseous photon detectors for Cherenkov imaging counters",
journal = "Nuclear Instruments and Methods in Physics Research Section A: Accelerators, Spectrometers, Detectors and Associated Equipment",
volume = "623",
number = "1",
pages = "129 - 131",
year = "2010",
note = "1st International Conference on Technology and Instrumentation in Particle Physics",
issn = "0168-9002",
doi = "https://doi.org/10.1016/j.nima.2010.02.171",
url = "http://www.sciencedirect.com/science/article/pii/S0168900210004389",
author = "M. Alexeev and R. Birsa and F. Bradamante and A. Bressan and M. Chiosso and P. Ciliberti and G. Croci and M.L. Colantoni and S. Dalla Torre and S. Duarte Pinto and O. Denisov and V. Diaz and V. Duic and A. Ferrero and M. Finger and M. Finger Jr and H. Fischer and G. Giacomini and M. Giorgi and B. Gobbo and F.H. Heinsius and F. Herrmann and K. Königsmann and D. Kramer and L. Lauser and S. Levorato and A. Maggiora and A. Martin and G. Menon and A. Mutter and F. Nerling and D. Panzieri and G. Pesaro and J. Polak and E. Rocco and L. Ropeleswki and F. Sauli and G. Sbrizzai and P. Schiavon and C. Schill and S. Schopferer and M. Slunecka and F. Sozzi and L. Steiger and M. Sulc and S. Takekawa and F. Tessarotto and H. Wollny",
keywords = "COMPASS, RICH, Photon detection, Thick GEM, CsI photoconverter"
}

%THGEM R&D
%   M. Alexeev et al., Nucl. Instr. and Meth. A 610 (2009) 174.
@article{ALEXEEV2009174,
title = "The quest for a third generation of gaseous photon detectors for Cherenkov imaging counters",
journal = "Nuclear Instruments and Methods in Physics Research Section A: Accelerators, Spectrometers, Detectors and Associated Equipment",
volume = "610",
number = "1",
pages = "174 - 177",
year = "2009",
note = "New Developments In Photodetection NDIP08",
issn = "0168-9002",
doi = "https://doi.org/10.1016/j.nima.2009.05.069",
url = "http://www.sciencedirect.com/science/article/pii/S0168900209010560",
author = "M. Alexeev and R. Birsa and F. Bradamante and A. Bressan and M. Chiosso and P. Ciliberti and G. Croci and M.L. Colantoni and S. Dalla Torre and S. Duarte Pinto and O. Denisov and V. Diaz and V. Duic and A. Ferrero and M. Finger and M. Finger Jr. and H. Fischer and G. Giacomini and M. Giorgi and B. Gobbo and R. Hagemann and F.H. Heinsius and F. Herrmann and K. Königsmann and D. Kramer and L. Lauser and S. Levorato and A. Maggiora and A. Martin and G. Menon and A. Mutter and F. Nerling and D. Panzieri and G. Pesaro and J. Polak and E. Rocco and L. Ropeleswki and F. Sauli and G. Sbrizzai and P. Schiavon and C. Schill and S. Schopferer and M. Slunecka and F. Sozzi and L. Steiger and M. Sulc and S. Takekawa and F. Tessarotto and H. Wollny",
keywords = "COMPASS, RICH, Photon detection, Thick GEM, CsI photoconverter"
}

%THGEM R&D
% Nucl. Instr. and Meth. A 617 (2010) 396
@article{ALEXEEV2010396,
title = "THGEM based photon detector for Cherenkov imaging applications",
journal = "Nuclear Instruments and Methods in Physics Research Section A: Accelerators, Spectrometers, Detectors and Associated Equipment",
volume = "617",
number = "1",
pages = "396 - 397",
year = "2010",
note = "11th Pisa Meeting on Advanced Detectors",
issn = "0168-9002",
doi = "https://doi.org/10.1016/j.nima.2009.08.087",
url = "http://www.sciencedirect.com/science/article/pii/S0168900209017173",
author = "M. Alexeev and R. Birsa and F. Bradamante and A. Bressan and M. Chiosso and P. Ciliberti and G. Croci and M.L. Colantoni and S. Dalla Torre and S. Duarte Pinto and O. Denisov and V. Diaz and A. Ferrero and M. Finger and M. Finger and H. Fischer and G. Giacomini and M. Giorgi and B. Gobbo and F.H. Heinsius and F. Herrmann and V. Jahodova and K. Königsmann and L. Lauser and S. Levorato and A. Maggiora and A. Martin and G. Menon and F. Nerling and D. Panzieri and G. Pesaro and J. Polak and E. Rocco and L. Ropeleswki and F. Sauli and G. Sbrizzai and P. Schiavon and C. Schill and S. Schopferer and M. Slunecka and F. Sozzi and L. Steiger and M. Sulc and S. Takekawa and F. Tessarotto and H. Wollny",
keywords = "Micro-pattern gas detectors, Single photon detectors, THGEM"
}

%THGEM R&D
% JINST 9 C09017
@article{1748-0221-9-09-C09017,
  author={M Alexeev and R Birsa and M Bodlak and F Bradamante and A Bressan and M Büchele and M Chiosso and P Ciliberti and S Dalla Torre and S
Dasgupta and O Denisov and V Duic and M Finger and M Finger Jr and H Fischer and M Giorgi and B Gobbo and M Gregori and F Herrmann and K
Königsmann and S Levorato and A Maggiora and A Martin and G Menon and K Novakova and J Novy and D Panzieri and F A Pereira and C A
Santos and G Sbrizzai and P Schiavon and S Schopferer and M Slunecka and F Sozzi and L Steiger and M Sulc and F Tessarotto and J F C A
Veloso},
  title={MPGD-based counters of single photons developed for COMPASS RICH-1},
  journal={Journal of Instrumentation},
  volume={9},
  number={09},
  pages={C09017},
  url={http://stacks.iop.org/1748-0221/9/i=09/a=C09017},
  year={2014}
}

%THGEM R&D
% 2012 JINST  7 C02014
@article{1748-0221-7-02-C02014,
  author={M Alexeev and F Barbosa and R Birsa and F Bradamante and A Bressan and M Chiosso and P Ciliberti and S Dalla Torre and O Denisov and V
Duic and M Finger and M Finger Jr  and H Fischer and M Giorgi and B Gobbo and M Gregori and F Herrmann and K Königsmann and D Kramer and S
Levorato and A Maggiora and A Martin and G Menon and A Mutter and F Nerling and K Novakova and J Novy and D Panzieri and J Polak and E
Rocco and C Santos and G Sbrizzai and P Schiavon and C Schill and S Schopferer and M Slunecka and F Sozzi and L Steiger and M Sulc and S
Takekawa and F Tessarotto and J F C A Veloso and H Wollny},
  title={Detection of single photons with ThickGEM-based counters},
  journal={Journal of Instrumentation},
  volume={7},
  number={02},
  pages={C02014},
  url={http://stacks.iop.org/1748-0221/7/i=02/a=C02014},
  year={2012}
} 

%THGEM R&D
% 2015 JINST 10 (2015) P03026
 @article{1748-0221-10-03-P03026,
  author={M. Alexeev and R. Birsa and F. Bradamante and A. Bressan and M. Büchele and M. Chiosso and P. Ciliberti and S. Dalla Torre and S.
Dasgupta and O. Denisov and V. Duic and M. Finger and M. Finger Jr and H. Fischer and B. Gobbo and M. Gregori and F. Herrmann and K.
Königsmann and S. Levorato and A. Maggiora and N. Makke and A. Martin and G. Menon and K. Novakova and J. Novy and D. Panzieri and F.A.
Pereira and C.A. Santos and G. Sbrizzai and P. Schiavon and S. Schopferer and M. Slunecka and F. Sozzi and L. Steiger and M. Sulc and S.
Takekawa and F. Tessarotto and J.F.C.A. Veloso},
  title={The gain in Thick GEM multipliers and its time-evolution},
  journal={Journal of Instrumentation},
  volume={10},
  number={03},
  pages={P03026},
  url={http://stacks.iop.org/1748-0221/10/i=03/a=P03026},
  year={2015}
}
      
 %THGEM R&D
% JINST 9 (2014) C03046
@article{1748-0221-9-03-C03046,
  author={M Alexeev and R Birsa and F Bradamante and A Bressan and M Büchele and M Chiosso and P Ciliberti and S Dalla Torre and S Dasgupta and O
Denisov and V Duic and M Finger and M Finger Jr and H Fischer and M Giorgi and B Gobbo and M Gregori and F Herrmann and K Königsmann and S
Levorato and A Maggiora and A Martin and G Menon and K Novakova and J Novy and D Panzieri and F A Pereira and C A Santos and G
Sbrizzai and P Schiavon and S Schopferer and M Slunecka and F Sozzi and L Steiger and M Sulc and S Takekawa and F Tessarotto and J F C A
Veloso},
  title={Progresses in the production of large-size THGEM boards},
  journal={Journal of Instrumentation},
  volume={9},
  number={03},
  pages={C03046},
  url={http://stacks.iop.org/1748-0221/9/i=03/a=C03046},
  year={2014}
}

%THGEM R&D
% JINST 9 (2014) C09017
@article{1748-0221-9-09-C09017,
  author={M Alexeev and R Birsa and M Bodlak and F Bradamante and A Bressan and M Büchele and M Chiosso and P Ciliberti and S Dalla Torre and S
Dasgupta and O Denisov and V Duic and M Finger and M Finger Jr and H Fischer and M Giorgi and B Gobbo and M Gregori and F Herrmann and K
Königsmann and S Levorato and A Maggiora and A Martin and G Menon and K Novakova and J Novy and D Panzieri and F A Pereira and C A
Santos and G Sbrizzai and P Schiavon and S Schopferer and M Slunecka and F Sozzi and L Steiger and M Sulc and F Tessarotto and J F C A
Veloso},
  title={MPGD-based counters of single photons developed for COMPASS RICH-1},
  journal={Journal of Instrumentation},
  volume={9},
  number={09},
  pages={C09017},
  url={http://stacks.iop.org/1748-0221/9/i=09/a=C09017},
  year={2014}
}

%THGEM R&D
% JINST 8 (2013) C12005
@article{1748-0221-8-12-C12005,
  author={M Alexeev and R Birsa and F Bradamante and A Bressan and M Büchele and M Chiosso and P Ciliberti and S Dalla Torre and S Dasgupta and O
Denisov and V Duic and M Finger and M Finger Jr  and H Fischer and M Giorgi and B Gobbo and M Gregori and F Herrmann and K Königsmann and S
Levorato and A Maggiora and A Martin and G Menon and K Novakova and J Novy and D Panzieri and F A Pereira and C A Santos and G
Sbrizzai and P Schiavon and S Schopferer and M Slunecka and F Sozzi and L Steiger and M Sulc and S Takekawa and F Tessarotto and J F C A
Veloso},
  title={Status and progress of novel photon detectors based on THGEM and hybrid MPGD architectures},
  journal={Journal of Instrumentation},
  volume={8},
  number={12},
  pages={C12005},
  url={http://stacks.iop.org/1748-0221/8/i=12/a=C12005},
  year={2013}}
}

%THGEM R&D
%JINST 8 (2013) P01021    
@article{1748-0221-8-01-P01021,
  author={M Alexeev and R Birsa and F Bradamante and A Bressan and M Chiosso and P Ciliberti and S Dalla Torre and S Dasgupta and O Denisov and V
Duic and M Finger and M Finger Jr  and H Fischer and M Giorgi and B Gobbo and M Gregori and F Herrmann and K Königsmann and S Levorato and Q
Liu and A Maggiora and A Martin and G Menon and F Nerling and K Novakova and J Novy and D Panzieri and F A Pereira and C A Santos and G
Sbrizzai and P Schiavon and C Schill and S Schopferer and M Slunecka and F Sozzi and L Steiger and M Sulc and S Takekawa and F
Tessarotto and J F C A Veloso},
  title={Ion backflow in thick GEM-based detectors of single photons},
  journal={Journal of Instrumentation},
  volume={8},
  number={01},
  pages={P01021},
  url={http://stacks.iop.org/1748-0221/8/i=01/a=P01021},
  year={2013}
}

%THGEM R&D
%JINST 5 (2010) P03009
@article{1748-0221-5-03-P03009,
  author={M Alexeev and M Alfonsi and R Birsa and F Bradamante and A Bressan and M Chiosso and P Ciliberti and G Croci and M L Colantoni and S
Dalla Torre and O Denisov and S Duarte Pinto and V Duic and A Ferrero and M Finger and M Finger Jr and H Fischer and G Giacomini and M
Giorgi and B Gobbo and R Hagemann and F H Heinsius and F Herrmann and V Jahodova and K Königsmann and D Kramer and L Lauser and S
Levorato and A Maggiora and A Martin and G Menon and A Mutter and F Nerling and D Panzieri and G Pesaro and J Polak and E Rocco and L
Ropeleswki and F Sauli and G Sbrizzai and P Schiavon and C Schill and S Schopferer and M Slunecka and F Sozzi and L Steiger and M Sulc and S
Takekawa and F Tessarotto and H Wollny},
  title={Development of THGEM-based photon detectors for Cherenkov Imaging Counters},
  journal={Journal of Instrumentation},
  volume={5},
  number={03},
  pages={P03009},
  url={http://stacks.iop.org/1748-0221/5/i=03/a=P03009},
  year={2010}
}

%THGEM R&D
%PoS(PhotoDet 2012)057 S. Levorato
@article{Alexeev:2012rva,
      author         = "Alexeev, M. and others",
      title          = "{Detection of single photons with hybrid ThickGEM-based
                        counters}",
      booktitle      = "{Proceedings, 3rd International Workshop on New
                        Photon-Detectors (PhotoDet 2012): Orsay, France, June
                        13-15, 2012}",
      journal        = "PoS",
      volume         = "PhotoDet2012",
      year           = "2012",
      pages          = "057",
      SLACcitation   = "%%CITATION = POSCI,PhotoDet2012,057;%%"
}


%THGEM R&D
%PoS(TIPP2014)075S. Levorato
@article{Levorato:2014gya,
      author         = "Levorato, Stefano and others",
      title          = "{MPGD-based counters of single photons for Cherenkov
                        imaging counters.}",
      booktitle      = "{Proceedings, 3rd International Conference on Technology
                        and Instrumentation in Particle Physics (TIPP 2014):
                        Amsterdam, Netherlands, June 2-6, 2014}",
      journal        = "PoS",
      volume         = "TIPP2014",
      year           = "2014",
      pages          = "075",
      SLACcitation   = "%%CITATION = POSCI,TIPP2014,075;%%"
}

%%%%%%%%%%%%%%%%%%%%%%%%%%%%%%%%%%
%%%%%%%%%%%%%%%%%%%%%%%
%   RICH THGEM upgrade
%%%%%%%%%%%%%%%%%%%%%%%
%RICH THGEM upgrade
%NIMA 876 (2017) 96
@article{ALEXEEV201796,
title = "The MPGD-based photon detectors for the upgrade of COMPASS RICH-1",
journal = "Nuclear Instruments and Methods in Physics Research Section A: Accelerators, Spectrometers, Detectors and Associated Equipment",
volume = "876",
number = "Supplement C",
pages = "96 - 100",
year = "2017",
note = "The 9th international workshop on Ring Imaging Cherenkov Detectors (RICH2016)",
issn = "0168-9002",
doi = "https://doi.org/10.1016/j.nima.2017.02.013",
url = "http://www.sciencedirect.com/science/article/pii/S0168900217301936",
author = "M. Alexeev and C.D.R. Azevedo and R. Birsa and F. Bradamante and A. Bressan and M. Büchele and M. Chiosso and P. Ciliberti and S. Dalla Torre and S. Dasgupta and O. Denisov and M. Finger and M. Finger and H. Fischer and B. Gobbo and M. Gregori and G. Hamar and F. Herrmann and S. Levorato and A. Maggiora and A. Makke and A. Martin and G. Menon and K. Steiger and J. Novy and D. Panzieri and F.A.B. Pereira and C.A. Santos and G. Sbrizzai and S. Schopferer and M. Slunecka and L. Steiger and M. Sulc and F. Tessarotto and J.F.C.A. Veloso",
keywords = "RICH, COMPASS, CsI, MPGD, THGEM"
}
%%%%%%%%%%%%%%%%%%%%%%%%%%%%%%%%%%%%%%%%%%%%%
%Nucl. Instrum. Meth. A (2017), https://doi.org/10.1016/j.nima.2017.11.011.
@article{AGARWALA2017,
title = "Novel MPGD based detectors of single photons in COMPASS RICH-1",
journal = "Nuclear Instruments and Methods in Physics Research Section A: Accelerators, Spectrometers, Detectors and Associated Equipment",
year = "2017",
issn = "0168-9002",
doi = "https://doi.org/10.1016/j.nima.2017.11.011",
url = "http://www.sciencedirect.com/science/article/pii/S016890021731197X",
author = "J. Agarwala and M. Alexeev and C.D.R. Azevedo and R. Birsa and F. Bradamante and A. Bressan and M. Büchele and C. Chatterjee and M. Chiosso and P. Ciliberti and S. Dalla Torre and S. Dasgupta and O. Denisov and M. Finger and M. Finger and H. Fischer and B. Gobbo and M. Gregori and G. Hamar and F. Herrmann and S. Levorato and A. Maggiora and N. Makke and A. Martin and G. Menon and J. Novy and D. Panzieri and F.A.B. Pereira and C.A. Santos and G. Sbrizzai and S. Schopferer and M. Slunecka and K. Steiger and L. Steiger and M. Sulc and F. Tessarotto and J.F.C.A. Veloso and Y.X. Zhao",
keywords = "COMPASS, RICH, THGEM, MPGD, Photon detectors"
}
%%%%%%%%%%%%%%%%%%%%%%%%%%%%%%%%%%%%%%%%%%%%%%
%RICH THGEM upgrade
%JINST 12 (2017) C07026
@article{1748-0221-12-07-C07026,
  author={G. Hamar and S. Dalla Torre and F. Tessarotto and S. Levorato and S.S. Dasgupta and C.D.R. Azevedo},
  title={MPGD-based photon detector upgrade for COMPASS RICH},
  journal={Journal of Instrumentation},
  volume={12},
  number={07},
  pages={C07026},
  url={http://stacks.iop.org/1748-0221/12/i=07/a=C07026},
  year={2017},
  abstract={The RICH detector of the COMPASS Experiment at CERN SPS is undergoing an important upgrade: the central MWPC-based photon detectors have been replaced with novel Micropattern detectors, to cope with the challenging efficiency and stability requirements of the new COMPASS measurements. The new hybrid MPGD detector consists of two layers of ThickGEMs and a capacitive bulk Micromegas. Photoconversion takes place on the CsI layer deposited onto the first ThickGEM, while position information and signals are read out from the pad-segmented anode via capacitive coupling by analog front-end electronics based on APV25 chips. The paper focuses on the main issues of production, detailed quality assessment technique, and the commissioning status of the first in-experiment MPGD-based photon detectors for RICH application.}
}
%%%%%%%%%%%%%%%%%%%%%%%%%%%%%%%%%%%%%%%
%RICH THGEM upgrade
%NIMA 824 (2016) 139-142
@article{ALEXEEV2016139,
title = "Status of the development of large area photon detectors based on THGEMs and hybrid MPGD architectures for Cherenkov imaging applications",
journal = "Nuclear Instruments and Methods in Physics Research Section A: Accelerators, Spectrometers, Detectors and Associated Equipment",
volume = "824",
number = "Supplement C",
pages = "139 - 142",
year = "2016",
note = "Frontier Detectors for Frontier Physics: Proceedings of the 13th Pisa Meeting on Advanced Detectors",
issn = "0168-9002",
doi = "https://doi.org/10.1016/j.nima.2015.11.034",
url = "http://www.sciencedirect.com/science/article/pii/S0168900215013996",
author = "M. Alexeev and R. Birsa and F. Bradamante and A. Bressan and M. Büchele and M. Chiosso and P. Ciliberti and S. Dalla Torre and S. Dasgupta and O. Denisov and V. Duic and M. Finger and M. Finger and H. Fischer and M. Giorgi and B. Gobbo and M. Gregori and F. Herrmann and K. Königsmann and S. Levorato and A. Maggiora and A. Martin and G. Menon and K. Steiger and J. Novy and D. Panzieri and F.A. Pereira and C.A. Santos and G. Sbrizzai and P. Schiavon and S. Schopferer and M. Slunecka and F. Sozzi and L. Steiger and M. Sulc and S. Takekawa and F. Tessarotto and J.F.C.A. Veloso and N. Makke",
keywords = "THGEM, Micromegas, Hybrid detector, Micro-pattern gas detectors, RICH"
}
%%%%%%%%%%%%%%%%%%%%%%%%%%%%%%%%%%%
%J. Agarwala, et al., The MPGD-Based Photon Detectors 
%for the upgrade
%of COMPASS RICH-1 and beyond, Nuclear Inst. and Methods
%in Physics Research, A (2018),
%https://doi.org/10.1016/j.nima.2018.10.092
@article{AGARWALA2018,
title = "The MPGD-based photon detectors for the upgrade of COMPASS RICH-1 and beyond",
journal = "Nuclear Instruments and Methods in Physics Research Section A: Accelerators, Spectrometers, Detectors and Associated Equipment",
year = "2018",
issn = "0168-9002",
doi = "https://doi.org/10.1016/j.nima.2018.10.092",
url = "http://www.sciencedirect.com/science/article/pii/S0168900218314062",
author = "J. Agarwala and M. Alexeev and C.D.R. Azevedo and F. Bradamante and A. Bressan and M. Büchele and M. Chiosso and C. Chatterjee and A. Cicuttin and P. Ciliberti and M.L. Crespo and S. Dalla Torre and S. Dasgupta and O. Denisov and M. Finger and M. Finger and H. Fischer and M. Gregori and G. Hamar and F. Herrmann and S. Levorato and A. Martin and G. Menon and D. Panzieri and G. Sbrizzai and S. Schopferer and M. Slunecka and M. Sulc and F. Tessarotto and J.F.C.A. Veloso and Y. Zhao",
keywords = "Gaseous photon detectors, MPGD, Thick GEM, Resistive MICROMEGAS, COMPASS",
}
%%%%%%%%%%%%%%%%%%%%%%%
%   RICH-1
%%%%%%%%%%%%%%%%%%%%%%%
%RICH-1
%E. Albrecht, et al., Nucl. Instr. and Meth. A 553 (2005) 215 A 631 (2011) 26.
@article{ALBRECHT2005215,
title = "Status and characterisation of COMPASS RICH-1",
journal = "Nuclear Instruments and Methods in Physics Research Section A: Accelerators, Spectrometers, Detectors and Associated Equipment",
volume = "553",
number = "1",
pages = "215 - 219",
year = "2005",
note = "Proceedings of the fifth International Workshop on Ring Imaging Detectors",
issn = "0168-9002",
doi = "https://doi.org/10.1016/j.nima.2005.08.036",
url = "http://www.sciencedirect.com/science/article/pii/S0168900205016001",
author = "E. Albrecht and G. Baum and R. Birsa and F. Bradamante and A. Bressan and A. Chapiro and A. Cicuttin and P. Ciliberti and A. Colavita and S. Costa and M. Crespo and P. Cristaudo and S. Dalla Torre and C. D’Ambrosio and V. Diaz and V. Duic and P. Fauland and M. Finger and F. Fratnik and M. Giorgi and B. Gobbo and A. Martin and G. Menon and A. Mielech and P. Pagano and D. Piedigrossi and P. Schiavon and F. Sozzi and F. Tessarotto",
keywords = "COMPASS, RICH, VUV, CsI photon detectors"
}
%%%%%%%%%%%%%%%%%%%%%%%
%RICH-1
%P. Abbon et al., Nucl. Instr. and Meth. A 587 (2008) 371
@article{ABBON2008371,
title = "Read-out electronics for fast photon detection with COMPASS RICH-1",
journal = "Nuclear Instruments and Methods in Physics Research Section A: Accelerators, Spectrometers, Detectors and Associated Equipment",
volume = "587",
number = "2",
pages = "371 - 387",
year = "2008",
issn = "0168-9002",
doi = "https://doi.org/10.1016/j.nima.2007.12.026",
url = "http://www.sciencedirect.com/science/article/pii/S0168900207024576",
author = "P. Abbon and M. Alexeev and H. Angerer and R. Birsa and P. Bordalo and F. Bradamante and A. Bressan and M. Chiosso and P. Ciliberti and M. Colantoni and T. Dafni and S. Dalla Torre and E. Delagnes and O. Denisov and H. Deschamps and V. Diaz and N. Dibiase and V. Duic and W. Eyrich and A. Ferrero and M. Finger and M. Finger and H. Fischer and S. Gerassimov and M. Giorgi and B. Gobbo and R. Hagemann and D. von Harrach and F.H. Heinsius and R. Joosten and B. Ketzer and V.N. Kolosov and K. Königsmann and I. Konorov and D. Kramer and F. Kunne and A. Lehmann and S. Levorato and A. Maggiora and A. Magnon and A. Mann and A. Martin and G. Menon and A. Mutter and O. Nähle and F. Nerling and D. Neyret and D. Panzieri and S. Paul and G. Pesaro and C. Pizzolotto and J. Polak and P. Rebourgeard and F. Robinet and E. Rocco and P. Schiavon and C. Schill and P. Schoenmeier and W. Schröder and L. Silva and M. Slunecka and F. Sozzi and L. Steiger and M. Sulc and M. Svec and S. Takekawa and F. Tessarotto and A. Teufel and H. Wollny",
keywords = "Front-end electronics, TDC, COMPASS, RICH, Multi-anode photomultiplier, Particle identification"
}
%%%%%%%%%%%%%%%%%%%%%%%
%RICH-1
%P. Abbon et al., Nucl. Instr. and Meth. A 616 (2010) 21
@article{ABBON201021,
title = "Design and construction of the fast photon detection system for COMPASS RICH-1",
journal = "Nuclear Instruments and Methods in Physics Research Section A: Accelerators, Spectrometers, Detectors and Associated Equipment",
volume = "616",
number = "1",
pages = "21 - 37",
year = "2010",
issn = "0168-9002",
doi = "https://doi.org/10.1016/j.nima.2010.02.069",
url = "http://www.sciencedirect.com/science/article/pii/S0168900210002676",
author = "P. Abbon and M. Alexeev and H. Angerer and R. Birsa and P. Bordalo and F. Bradamante and A. Bressan and M. Chiosso and P. Ciliberti and M. Colantoni and T. Dafni and S. Dalla Torre and E. Delagnes and O. Denisov and H. Deschamps and V. Diaz and N. Dibiase and V. Duic and W. Eyrich and A. Ferrero and M. Finger and M. Finger Jr. and H. Fischer and S. Gerassimov and M. Giorgi and B. Gobbo and R. Hagemann and D. von Harrach and F.H. Heinsius and R. Joosten and B. Ketzer and V.N. Kolosov and K. Königsmann and I. Konorov and D. Kramer and F. Kunne and A. Lehmann and S. Levorato and A. Maggiora and A. Magnon and A. Mann and A. Martin and G. Menon and A. Mutter and O. Nähle and F. Nerling and D. Neyret and D. Panzieri and S. Paul and G. Pesaro and C. Pizzolotto and J. Polak and P. Rebourgeard and F. Robinet and E. Rocco and P. Schiavon and C. Schill and P. Schoenmeier and W. Schröder and L. Silva and M. Slunecka and F. Sozzi and L. Steiger and M. Sulc and M. Svec and S. Takekawa and F. Tessarotto and A. Teufel and H. Wollny",
keywords = "COMPASS, RICH, Multi-anode photo-multiplier, Particle identification, Quartz lens telescope"
}
%%%%%%%%%%%%%%%%%%%%%%%
%RICH-1
%P. Abbon et al., Nucl. Instr. and Meth. A 631 (2011) 26.
@article{ABBON201126,
title = "Particle identification with COMPASS RICH-1",
journal = "Nuclear Instruments and Methods in Physics Research Section A: Accelerators, Spectrometers, Detectors and Associated Equipment",
volume = "631",
number = "1",
pages = "26 - 39",
year = "2011",
issn = "0168-9002",
doi = "https://doi.org/10.1016/j.nima.2010.11.106",
url = "http://www.sciencedirect.com/science/article/pii/S0168900210026422",
author = "P. Abbon and M. Alexeev and H. Angerer and G. Baum and R. Birsa and P. Bordalo and F. Bradamante and A. Bressan and M. Chiosso and P. Ciliberti and M. Colantoni and T. Dafni and S. Dalla Torre and E. Delagnes and O. Denisov and H. Deschamps and N. Dibiase and V. Duic and W. Eyrich and A. Ferrero and M. Finger and M. Finger and H. Fischer and C. Franco and S. Gerassimov and M. Giorgi and B. Gobbo and R. Hagemann and D. von Harrach and F.H. Heinsius and R. Joosten and B. Ketzer and V.N. Kolosov and K. Königsmann and I. Konorov and D. Kramer and F. Kunne and A. Lehmann and S. Levorato and A. Maggiora and A. Magnon and A. Mann and A. Martin and G. Menon and A. Mutter and O. Nähle and F. Nerling and D. Neyret and D. Panzieri and S. Paul and G. Pesaro and C. Pizzolotto and J. Polak and P. Rebourgeard and F. Robinet and E. Rocco and G. Sbrizzai and P. Schiavon and C. Schill and P. Schoenmeier and W. Schröder and M. Slunecka and F. Sozzi and L. Steiger and M. Sulc and M. Svec and S. Takekawa and F. Tessarotto and A. Teufel and H. Wollny",
keywords = "RICH, COMPASS, Particle identification, Likelihood algorithms"
}
%%%%%%%%%%%%%%%%%%%%%%%
%%%%%%%%%%%%%%%%%%%%%%%
%   COMPASS
%%%%%%%%%%%%%%%%%%%%%%%%
%COMPASS
%NIMA 779 (2015) 69
@article{ABBON201569,
title = "The COMPASS setup for physics with hadron beams",
journal = "Nuclear Instruments and Methods in Physics Research Section A: Accelerators, Spectrometers, Detectors and Associated Equipment",
volume = "779",
number = "Supplement C",
pages = "69 - 115",
year = "2015",
issn = "0168-9002",
doi = "https://doi.org/10.1016/j.nima.2015.01.035",
url = "http://www.sciencedirect.com/science/article/pii/S0168900215000662",
author = "P. Abbon and C. Adolph and R. Akhunzyanov and Yu. Alexandrov and M.G. Alexeev and G.D. Alexeev and A. Amoroso and V. Andrieux and V. Anosov and A. Austregesilo and B. Badełek and F. Balestra and J. Barth and G. Baum and R. Beck and Y. Bedfer and A. Berlin and J. Bernhard and K. Bicker and E.R. Bielert and J. Bieling and R. Birsa and J. Bisplinghoff and M. Bodlak and M. Boer and P. Bordalo and F. Bradamante and C. Braun and A. Bressan and M. Büchele and E. Burtin and L. Capozza and P. Ciliberti and M. Chiosso and S.U. Chung and A. Cicuttin and M. Colantoni and D. Cotte and M.L. Crespo and Q. Curiel and T. Dafni and S. Dalla Torre and S.S. Dasgupta and S. Dasgupta and O.Yu. Denisov and D. Desforge and A.M. Dinkelbach and S.V. Donskov and N. Doshita and V. Duic and W. Dünnweber and D. Durand and M. Dziewiecki and A. Efremov and C. Elia and P.D. Eversheim and W. Eyrich and M. Faessler and A. Ferrero and M. Finger and M. Finger and H. Fischer and C. Franco and N. du Fresne von Hohenesche and J.M. Friedrich and V. Frolov and L. Gatignon and F. Gautheron and O.P. Gavrichtchouk and S. Gerassimov and R. Geyer and A. Giganon and I. Gnesi and B. Gobbo and S. Goertz and M. Gorzellik and S. Grabmüller and A. Grasso and M. Gregori and B. Grube and T. Grussenmeyer and A. Guskov and F. Haas and D. von Harrach and D. Hahne and R. Hashimoto and F.H. Heinsius and F. Herrmann and F. Hinterberger and Ch. Höppner and N. Horikawa and N. d'Hose and S. Huber and S. Ishimoto and A. Ivanov and Yu. Ivanshin and T. Iwata and R. Jahn and V. Jary and P. Jasinski and P. Jörg and R. Joosten and E. Kabuß and B. Ketzer and G.V. Khaustov and Yu.A. Khokhlov and Yu. Kisselev and F. Klein and K. Klimaszewski and J.H. Koivuniemi and V.N. Kolosov and K. Kondo and K. Königsmann and I. Konorov and V.F. Konstantinov and A.M. Kotzinian and O. Kouznetsov and M. Krämer and Z.V. Kroumchtein and N. Kuchinski and R. Kuhn and F. Kunne and K. Kurek and R.P. Kurjata and A.A. Lednev and A. Lehmann and M. Levillain and S. Levorato and J. Lichtenstadt and A. Maggiora and A. Magnon and N. Makke and G.K. Mallot and C. Marchand and J. Marroncle and A. Martin and J. Marzec and J. Matousek and H. Matsuda and T. Matsuda and G. Menon and G. Meshcheryakov and W. Meyer and T. Michigami and Yu.V. Mikhailov and Y. Miyachi and M.A. Moinester and A. Nagaytsev and T. Nagel and F. Nerling and S. Neubert and D. Neyret and V.I. Nikolaenko and J. Novy and W.-D. Nowak and A.S. Nunes and A.G. Olshevsky and I. Orlov and M. Ostrick and R. Panknin and D. Panzieri and B. Parsamyan and S. Paul and G. Pesaro and V. Pesaro and D.V. Peshekhonov and C. Pires and S. Platchkov and J. Pochodzalla and V.A. Polyakov and J. Pretz and M. Quaresma and C. Quintans and S. Ramos and C. Regali and G. Reicherz and J-M. Reymond and E. Rocco and N.S. Rossiyskaya and J.-Y. Rousse and D.I. Ryabchikov and A. Rychter and A. Samartsev and V.D. Samoylenko and A. Sandacz and S. Sarkar and I.A. Savin and G. Sbrizzai and P. Schiavon and C. Schill and T. Schlüter and K. Schmidt and H. Schmieden and K. Schönning and S. Schopferer and M. Schott and O.Yu. Shevchenko and L. Silva and L. Sinha and S. Sirtl and M. Slunecka and S. Sosio and F. Sozzi and A. Srnka and L. Steiger and M. Stolarski and M. Sulc and R. Sulej and H. Suzuki and A. Szabelski and T. Szameitat and P. Sznajder and S. Takekawa and G. Terça and J. ter Wolbeek and S. Tessaro and F. Tessarotto and F. Thibaud and V. Tskhay and S. Uhl and I. Uman and M. Virius and L. Wang and T. Weisrock and Q. Weitzel and M. Wilfert and R. Windmolders and H. Wollny and K. Zaremba and M. Zavertyaev and E. Zemlyanichkina and M. Ziembicki and A. Zink",
keywords = "Fixed target experiment for hadron spectroscopy, Micro Pattern detectors and Drift chambers, RICH, Calorimetry, Front-end electronics, Data acquisition and reconstruction, Monte-Carlo simulation"
}
%%%%%%%%%%%%%%%%%%%%%%%%%%
%COMPASS
%NIMA 577 (2007) 455–518
@article{ABBON2007455,
title = "The COMPASS experiment at CERN",
journal = "Nuclear Instruments and Methods in Physics Research Section A: Accelerators, Spectrometers, Detectors and Associated Equipment",
volume = "577",
number = "3",
pages = "455 - 518",
year = "2007",
issn = "0168-9002",
doi = "https://doi.org/10.1016/j.nima.2007.03.026",
url = "http://www.sciencedirect.com/science/article/pii/S0168900207005001",
author = "P. Abbon and E. Albrecht and V.Yu. Alexakhin and Yu. Alexandrov and G.D. Alexeev and M.G. Alekseev and A. Amoroso and H. Angerer and V.A. Anosov and B. Badełek and F. Balestra and J. Ball and J. Barth and G. Baum and M. Becker and Y. Bedfer and P. Berglund and C. Bernet and R. Bertini and M. Bettinelli and R. Birsa and J. Bisplinghoff and P. Bordalo and M. Bosteels and F. Bradamante and A. Braem and A. Bravar and A. Bressan and G. Brona and E. Burtin and M.P. Bussa and V.N. Bytchkov and M. Chalifour and A. Chapiro and M. Chiosso and P. Ciliberti and A. Cicuttin and M. Colantoni and A.A. Colavita and S. Costa and M.L. Crespo and P. Cristaudo and T. Dafni and N. d’Hose and S. Dalla Torre and C. d’Ambrosio and S. Das and S.S. Dasgupta and E. Delagnes and R. De Masi and P. Deck and N. Dedek and D. Demchenko and O.Yu. Denisov and L. Dhara and V. Diaz and N. Dibiase and A.M. Dinkelbach and A.V. Dolgopolov and A. Donati and S.V. Donskov and V.A. Dorofeev and N. Doshita and D. Durand and V. Duic and W. Dünnweber and A. Efremov and P.D. Eversheim and W. Eyrich and M. Faessler and V. Falaleev and P. Fauland and A. Ferrero and L. Ferrero and M. Finger and M. Finger and H. Fischer and C. Franco and J. Franz and F. Fratnik and J.M. Friedrich and V. Frolov and U. Fuchs and R. Garfagnini and L. Gatignon and F. Gautheron and O.P. Gavrichtchouk and S. Gerassimov and R. Geyer and J.M. Gheller and A. Giganon and M. Giorgi and B. Gobbo and S. Goertz and A.M. Gorin and F. Gougnaud and S. Grabmüller and O.A. Grajek and A. Grasso and B. Grube and A. Grünemaier and A. Guskov and F. Haas and R. Hagemann and J. Hannappel and D. von Harrach and T. Hasegawa and J. Heckmann and S. Hedicke and F.H. Heinsius and R. Hermann and C. Heß and F. Hinterberger and M. von Hodenberg and N. Horikawa and S. Horikawa and I. Horn and C. Ilgner and A.I. Ioukaev and S. Ishimoto and I. Ivanchin and O. Ivanov and T. Iwata and R. Jahn and A. Janata and R. Joosten and N.I. Jouravlev and E. Kabuß and V. Kalinnikov and D. Kang and F. Karstens and W. Kastaun and B. Ketzer and G.V. Khaustov and Yu.A. Khokhlov and J. Kiefer and Yu. Kisselev and F. Klein and K. Klimaszewski and S. Koblitz and J.H. Koivuniemi and V.N. Kolosov and E.V. Komissarov and K. Kondo and K. Königsmann and A.K. Konoplyannikov and I. Konorov and V.F. Konstantinov and A.S. Korentchenko and A. Korzenev and A.M. Kotzinian and N.A. Koutchinski and O. Kouznetsov and K. Kowalik and D. Kramer and N.P. Kravchuk and G.V. Krivokhizhin and Z.V. Kroumchtein and J. Kubart and R. Kuhn and V. Kukhtin and F. Kunne and K. Kurek and N.A. Kuzmin and M. Lamanna and J.M. Le Goff and M. Leberig and A.A. Lednev and A. Lehmann and V. Levinski and S. Levorato and V. I Lyashenko and J. Lichtenstadt and T. Liska and I. Ludwig and A. Maggiora and M. Maggiora and A. Magnon and G.K. Mallot and A. Mann and I.V. Manuilov and C. Marchand and J. Marroncle and A. Martin and J. Marzec and L. Masek and F. Massmann and T. Matsuda and D. Matthiä and A.N. Maximov and G. Menon and W. Meyer and A. Mielech and Yu.V. Mikhailov and M.A. Moinester and F. Molinié and F. Mota and A. Mutter and T. Nagel and O. Nähle and J. Nassalski and S. Neliba and F. Nerling and D. Neyret and M. Niebuhr and T. Niinikoski and V.I. Nikolaenko and A.A. Nozdrin and A.G. Olshevsky and M. Ostrick and A. Padee and P. Pagano and S. Panebianco and B. Parsamyan and D. Panzieri and S. Paul and B. Pawlukiewicz and H. Pereira and D.V. Peshekhonov and V.D. Peshekhonov and D. Piedigrossi and G. Piragino and S. Platchkov and K. Platzer and J. Pochodzalla and J. Polak and V.A. Polyakov and G. Pontecorvo and A.A. Popov and J. Pretz and S. Procureur and C. Quintans and J.-F. Rajotte and S. Ramos and I. Razaq and P. Rebourgeard and D. Reggiani and G. Reicherz and A. Richter and F. Robinet and E. Rocco and E. Rondio and L. Ropelewski and J.Y. Roussé and A.M. Rozhdestvensky and D. Ryabchikov and A.G. Samartsev and V.D. Samoylenko and A. Sandacz and M. Sans Merce and H. Santos and M.G. Sapozhnikov and F. Sauli and I.A. Savin and P. Schiavon and C. Schill and T. Schmidt and H. Schmitt and L. Schmitt and P. Schönmeier and W. Schroeder and D. Seeharsch and M. Seimetz and D. Setter and A. Shaligin and O.Yu. Shevchenko and A.A. Shishkin and H.-W. Siebert and L. Silva and F. Simon and L. Sinha and A.N. Sissakian and M. Slunecka and G.I. Smirnov and D. Sora and S. Sosio and F. Sozzi and A. Srnka and F. Stinzing and M. Stolarski and V.P. Sugonyaev and M. Sulc and R. Sulej and G. Tarte and N. Takabayashi and V.V. Tchalishev and S. Tessaro and F. Tessarotto and A. Teufel and D. Thers and L.G. Tkatchev and T. Toeda and V.V. Tokmenin and S. Trippel and J. Urban and R. Valbuena and G. Venugopal and M. Virius and N.V. Vlassov and A. Vossen and M. Wagner and R. Webb and E. Weise and Q. Weitzel and U. Wiedner and M. Wiesmann and R. Windmolders and S. Wirth and W. Wiślicki and H. Wollny and A.M. Zanetti and K. Zaremba and M. Zavertyaev and J. Zhao and R. Ziegler and M. Ziembicki and Y.L. Zlobin and A. Zvyagin",
keywords = "Fixed-target experiment, Hadron structure, Polarised DIS, Polarised target, Scintillating fibre detector, Silicon microstrip detector, Micromegas detector, GEM detector, Drift chamber, Straw tube detector, MWPC, RICH detector, Calorimetry, Front-end electronics, DAQ"}
%%%%%%%%%%%%%%%%%%%%%%%
%%%%%%%%%%%%%%%%%%%%%%%
%   ND photocathodes
%%%%%%%%%%%%%%%%%%%%%%%
%ND photocathodes
%L.Velardi, A.Valentini and G.Cicala, Diamond & Related Materials 76 (2017) 1
@article{VELARDI20171,
title = "UV photocathodes based on nanodiamond particles: Effect of carbon hybridization on the efficiency",
journal = "Diamond and Related Materials",
volume = "76",
number = "Supplement C",
pages = "1 - 8",
year = "2017",
issn = "0925-9635",
doi = "https://doi.org/10.1016/j.diamond.2017.03.017",
url = "http://www.sciencedirect.com/science/article/pii/S0925963516306999",
author = "Luciano Velardi and Antonio Valentini and Grazia Cicala",
keywords = "UV photocathode, Diamond, Nanoparticles, Carbon hybridization, H plasma treatment"
}
%%%%%%%%%%%%%%%%%%%%%%%
%%%%%%%%%%%%%%%%%%%%%%
%uRwell
%%%%%%%%%%%%%%%%%%%%%%
@article{Morello2017edb,
      author         = "Morello, Gianfranco and others",
      title          = "{Advances on micro-RWELL gaseous detector}",
      booktitle      = "{Proceedings, 55th International Winter Meeting on
                        Nuclear Physics (Bormio2017): Bormio, Italy, January
                        23-27, 2017}",
      journal        = "PoS",
      volume         = "BORMIO2017",
      year           = "2017",
      pages          = "002",
      doi            = "10.22323/1.302.0002",
      SLACcitation   = "%%CITATION = POSCI,BORMIO2017,002;%%"
}
@article{Bencivenni2018syq,
      author         = "Bencivenni, G. and De Oliveira, R. and Felici, G. and
                        Gatta, M. and Morello, G. and Ochi, A. and Lener, M. Poli
                        and Tskhadadze, E.",
      title          = "{Performance of μ-RWELL detector vs resistivity of the
                        resistive stage}",
      journal        = "Nucl. Instrum. Meth.",
      volume         = "A886",
      year           = "2018",
      pages          = "36-39",
      doi            = "10.1016/j.nima.2017.12.037",
      SLACcitation   = "%%CITATION = NUIMA,A886,36;%%"
}
%%%%%%%%%%%%%%%%%%%%%%%
%Outgas
%%%%%%%%%%%%%%%%%%%%%%%
@article{MerlinMPGD2017,
      author         = "Jeremie A. Merlin",
      title          = "{Results of the Longevity Study with Triple-GEM Technology for the Upgrade of the CMS Muon End-Caps}",
      journal        = "MPGD 2017",
      volume         = "",
      year           = "2017",
      pages          = "",
      doi            = ""
      %SLACcitation   = "%%CITATION = NUIMA,A886,36;%%"
}


