@article{Blatnik:2015bka,
      author         = "Blatnik, M. and others",
      title          = "{Performance of a Quintuple-GEM Based RICH Detector Prototype}",
      journal        = "IEEE Trans. Nucl. Sci.",
      volume         = "62",
      year           = "2015",
      number         = "6",
      pages          = "3256-3264",
      doi            = "10.1109/TNS.2015.2487999",
      eprint         = "1501.03530",
      archivePrefix  = "arXiv",
      primaryClass   = "physics.ins-det",
      SLACcitation   = "%%CITATION = ARXIV:1501.03530;%%"
}
@article{Vginis:2014,
      author         = "Ginis V. and others",
      title          = "{Controlling Cherenkov Radiation with Transformation-Optical Metamaterials}",
      journal        = "Physical Review Letters",
      volume         = "113",
      year           = "2014",
      number         = "167402",
      doi            = "10.1103/PhysRevLett.113.167402"
}
@article{Vginis:2015,
      author         = "Ginis V. and others",
      title          = "{Transformation optics beyond
the manipulation of light trajectories}",
      journal        = "Phil. Trans. R. Soc. A",
      volume         = "373",
      year           = "2015",
      number          = "20140361",
      doi            = "10.1098/rsta.2014.0361"
}
@article{Pendry:2006,
      author         = "Pendry J. B. and others",
      title          = "{Controlling Electromagnetic Fields}",
      journal        = "Science Magazine",
      volume         = "312",
      year           = "2006",
      pages          = "1780-1782",
}
@article{Garnett:1905,
      author         = "J. C. M. Garnett",
      title          = "{Colours in metal glasses, in metallic films, and in metallic solutions II}",
      journal        = "Philos. Trans. R. Soc. London",
      volume         = "205",
      year           = "1906",
      pages          = "237-288"
}
