%%%%%%%%%%%%%%%%%%%%%%
%uRwell
%%%%%%%%%%%%%%%%%%%%%%
@article{Morello2017edb,
      author         = "Morello, Gianfranco and others",
      title          = "{Advances on micro-RWELL gaseous detector}",
      booktitle      = "{Proceedings, 55th International Winter Meeting on
                        Nuclear Physics (Bormio2017): Bormio, Italy, January
                        23-27, 2017}",
      journal        = "PoS",
      volume         = "BORMIO2017",
      year           = "2017",
      pages          = "002",
      doi            = "10.22323/1.302.0002",
      SLACcitation   = "%%CITATION = POSCI,BORMIO2017,002;%%"
}
@article{Bencivenni2018syq,
      author         = "Bencivenni, G. and De Oliveira, R. and Felici, G. and
                        Gatta, M. and Morello, G. and Ochi, A. and Lener, M. Poli
                        and Tskhadadze, E.",
      title          = "{Performance of $\mu$-RWELL detector vs resistivity of the
                        resistive stage}",
      journal        = "Nucl. Instrum. Meth.",
      volume         = "A886",
      year           = "2018",
      pages          = "36-39",
      doi            = "10.1016/j.nima.2017.12.037",
      SLACcitation   = "%%CITATION = NUIMA,A886,36;%%"
}
%%%%%%%%%%%%%%%%%%%%%%%
%Outgas
%%%%%%%%%%%%%%%%%%%%%%%
@article{MerlinMPGD2017,
      author         = "Jeremie A. Merlin",
      title          = "{Results of the Longevity Study with Triple-GEM Technology for the Upgrade of the CMS Muon End-Caps}",
      journal        = "MPGD 2017",
      volume         = "",
      year           = "2017",
      pages          = "",
      doi            = ""
      %SLACcitation   = "%%CITATION = NUIMA,A886,36;%%"
}
@article{STARfgt,
      author         = "B. Surrow",
      title          = "{The STAR Forward GEM Tracker}",
      journal        = "Nucl. Instrum. Meth A",
      volume         = "617",
      year           = "2010",
      pages          = "196",
      doi            = "10.1016/j.nima.2009.09.012"
      %SLACcitation   = "%%CITATION = NUIMA,A886,36;%%"
}