@article{Gnanvo:2014hpa,
      author         = "Gnanvo, Kondo and Liyanage, Nilanga and Nelyubin,
                        Vladimir and Saenboonruang, Kiadtisak and Sacher, Seth and
                        Wojtsekhowski, Bogdan",
      title          = "{Large Size GEM for Super Bigbite Spectrometer (SBS)
                        Polarimeter for Hall A 12 GeV program at JLab}",
      journal        = "Nucl. Instrum. Meth.",
      volume         = "A782",
      year           = "2015",
      pages          = "77-86",
      doi            = "10.1016/j.nima.2015.02.017",
      eprint         = "1409.5393",
      archivePrefix  = "arXiv",
      primaryClass   = "physics.ins-det",
      reportNumber   = "JLAB-PHY-14-1987",
      SLACcitation   = "%%CITATION = ARXIV:1409.5393;%%"
}

@article{Gnanvo:2015xda,
      author         = "Gnanvo, Kondo and Bai, Xinzhan and Gu, Chao and Liyanage,
                        Nilanga and Nelyubin, Vladimir and Zhao, Yuxiang",
      title          = "{Performance in test beam of a large-area and
                        light-weight GEM detector with 2D stereo-angle (UV)
                        strip readout}",
      journal        = "Nucl. Instrum. Meth.",
      volume         = "A808",
      year           = "2016",
      pages          = "83-92",
      doi            = "10.1016/j.nima.2015.11.071",
      eprint         = "1509.03875",
      archivePrefix  = "arXiv",
      primaryClass   = "physics.ins-det",
      reportNumber   = "NIMA58313",
      SLACcitation   = "%%CITATION = ARXIV:1509.03875;%%"
}