@article{Aiola:2016rld,
      author         = "Aiola, S. and Ehlers, R. J. and Gu, S. and Harris, J. W.
                        and Majka, R. and Mulligan, J. D. and Oliver, M. and
                        Schambach, J. and Smirnov, N.",
      title          = "{Combination of two Gas Electron Multipliers and a
                        Micromegas as gain elements for a time projection
                        chamber}",
      journal        = "Nucl. Instrum. Meth.",
      volume         = "A834",
      year           = "2016",
      pages          = "149-157",
      doi            = "10.1016/j.nima.2016.08.007",
      eprint         = "1603.08473",
      archivePrefix  = "arXiv",
      primaryClass   = "physics.ins-det",
      SLACcitation   = "%%CITATION = ARXIV:1603.08473;%%"
}